@inproceedings{Schulman2016GAE,
  author    = {John Schulman and
               Philipp Moritz and
               Sergey Levine and
               Michael I. Jordan and
               Pieter Abbeel},
  editor    = {Yoshua Bengio and
               Yann LeCun},
  title     = {High-Dimensional Continuous Control Using Generalized Advantage Estimation},
  booktitle = {4th International Conference on Learning Representations, {ICLR} 2016,
               San Juan, Puerto Rico, May 2-4, 2016, Conference Track Proceedings},
  year      = {2016},
  url       = {http://arxiv.org/abs/1506.02438},
  timestamp = {Thu, 25 Jul 2019 14:25:38 +0200},
  biburl    = {https://dblp.org/rec/journals/corr/SchulmanMLJA15.bib},
  bibsource = {dblp computer science bibliography, https://dblp.org}
}

@book{Sutton1998RL,
  added-at = {2019-07-13T10:11:53.000+0200},
  author = {Sutton, Richard S. and Barto, Andrew G.},
  biburl = {https://www.bibsonomy.org/bibtex/2f46601cf8b13d39d1378af0d79438b12/lanteunis},
  edition = {Second},
  interhash = {ac6b144aaec1819919a2fba9f705c852},
  intrahash = {f46601cf8b13d39d1378af0d79438b12},
  keywords = {},
  publisher = {The MIT Press},
  timestamp = {2019-07-13T10:11:53.000+0200},
  title = {Reinforcement Learning: An Introduction},
  url = {http://incompleteideas.net/book/the-book-2nd.html},
  year = {2018 }
}

@inproceedings{Mnih2016A2C,
  author    = {Volodymyr Mnih and
               Adri{\`{a}} Puigdom{\`{e}}nech Badia and
               Mehdi Mirza and
               Alex Graves and
               Timothy P. Lillicrap and
               Tim Harley and
               David Silver and
               Koray Kavukcuoglu},
  editor    = {Maria{-}Florina Balcan and
               Kilian Q. Weinberger},
  title     = {Asynchronous Methods for Deep Reinforcement Learning},
  booktitle = {Proceedings of the 33nd International Conference on Machine Learning,
               {ICML} 2016, New York City, NY, USA, June 19-24, 2016},
  series    = {{JMLR} Workshop and Conference Proceedings},
  volume    = {48},
  pages     = {1928--1937},
  publisher = {JMLR.org},
  year      = {2016},
  url       = {http://proceedings.mlr.press/v48/mniha16.html},
  timestamp = {Wed, 29 May 2019 08:41:46 +0200},
  biburl    = {https://dblp.org/rec/conf/icml/MnihBMGLHSK16.bib},
  bibsource = {dblp computer science bibliography, https://dblp.org}
}

@inproceedings{Heindorf2020Causenet,
  author    = {Stefan Heindorf and
               Yan Scholten and
               Henning Wachsmuth and
               Axel-Cyrille Ngonga Ngomo and
               Martin Potthast},
  title     = {CauseNet: Towards a Causality Graph Extracted from the Web},
  booktitle = {{CIKM}},
  publisher = {{ACM}},
  year      = {2020}
}

@inproceedings{Xiong2017DeePpath,
    title = "{D}eep{P}ath: A Reinforcement Learning Method for Knowledge Graph Reasoning",
    author = "Xiong, Wenhan  and
      Hoang, Thien  and
      Wang, William Yang",
    booktitle = "Proceedings of the 2017 Conference on Empirical Methods in Natural Language Processing",
    month = sep,
    year = "2017",
    address = "Copenhagen, Denmark",
    publisher = "Association for Computational Linguistics",
    url = "https://aclanthology.org/D17-1060",
    doi = "10.18653/v1/D17-1060",
    pages = "564--573",
}

@inproceedings{Yasunaga2021QAGNN,
    title = "{QA}-{GNN}: Reasoning with Language Models and Knowledge Graphs for Question Answering",
    author = "Yasunaga, Michihiro  and
      Ren, Hongyu  and
      Bosselut, Antoine  and
      Liang, Percy  and
      Leskovec, Jure",
    booktitle = "Proceedings of the 2021 Conference of the North American Chapter of the Association for Computational Linguistics: Human Language Technologies",
    month = jun,
    year = "2021",
    address = "Online",
    publisher = "Association for Computational Linguistics",
    url = "https://aclanthology.org/2021.naacl-main.45",
    doi = "10.18653/v1/2021.naacl-main.45",
    pages = "535--546",
}